@book {ref,
author={Cormen, Thomas H. AND Leiserson, Charles E. AND Rivest, Ronald L. AND Stein, Clifford},
title={Introduction to Algorithms, Third Edition},
publisher={The MIT Press},
year={2009}
}
